
@article{watkins1992qlearn,
author = {Watkins, Christopher and Dayan, Peter},
year = {1992},
month = {05},
pages = {279-292},
title = {Technical Note: Q-Learning},
volume = {8},
journal = {Machine Learning},
doi = {10.1007/BF00992698}
}

@article{Mnih2015HumanlevelCT,
title={Human-level control through deep reinforcement learning},
author={Volodymyr Mnih and Koray Kavukcuoglu and David Silver and Andrei A. Rusu and Joel Veness and Marc G. Bellemare and Alex Graves and Martin A. Riedmiller and Andreas Fidjeland and Georg Ostrovski and Stig Petersen and Charlie Beattie and Amir Sadik and Ioannis Antonoglou and Helen King and Dharshan Kumaran and Daan Wierstra and Shane Legg and Demis Hassabis},
journal={Nature},
year={2015},
volume={518},
pages={529-533}
}
@misc{icarte2020reward,
title={Reward Machines: Exploiting Reward Function Structure in Reinforcement Learning}, 
author={Rodrigo Toro Icarte and Toryn Q. Klassen and Richard Valenzano and Sheila A. McIlraith},
year={2020},
eprint={2010.03950},
archivePrefix={arXiv},
primaryClass={cs.LG}
}


@article{schulman2017proximal_PPO,
title={Proximal policy optimization algorithms},
author={Schulman, John and Wolski, Filip and Dhariwal, Prafulla and Radford, Alec and Klimov, Oleg},
journal={arXiv preprint arXiv:1707.06347},
year={2017}
}

@inproceedings{brafman2018ltlf_LTLF_LDLF,
title={LTLf/LDLf non-markovian rewards},
author={Brafman, Ronen and De Giacomo, Giuseppe and Patrizi, Fabio},
booktitle={Proceedings of the AAAI Conference on Artificial Intelligence},
volume={32},
number={1},
year={2018}
}

@article{degiacomo2019restrainingbolts,
title={Foundations for Restraining Bolts: ReinforcementLearning with LTLf/LDLf Restraining Specifications. InICAPS.},
author={Giuseppe De Giacomo, L. Iocchi, Marco Favorito, and F. Patrizi.},
year={2019}
}

@book{rf,
title={Theory and application of reward shaping in reinforcement learning},
author={Laud, Adam Daniel},
year={2004},
publisher={University of Illinois at Urbana-Champaign}
}

@inproceedings{dfa,
title={Compositional Approach to Translate LTLf/LDLf into Deterministic Finite Automata},
author={De Giacomo, Giuseppe and Favorito, Marco},
booktitle={Proceedings of the International Conference on Automated Planning and Scheduling},
volume={31},
pages={122--130},
year={2021}
}

@book{hopcroft2001automata,
author = {Hopcroft, John E. and Motwani, Rajeev and Ullman, Jeffrey D.},
title = {Introduction to Automata Theory, Languages, and Computation (3rd Edition)},
year = {2006},
isbn = {0321455363},
publisher = {Addison-Wesley Longman Publishing Co., Inc.},
address = {USA}
}

@book{sutton2018rl,
author = {Sutton, Richard S. and Barto, Andrew G.},
title = {Reinforcement Learning: An Introduction},
year = {2018},
isbn = {0262039249},
publisher = {A Bradford Book},
address = {Cambridge, MA, USA}
}

@article{camacho_chen_sanner_mcilraith_2017, 
author={Camacho, Alberto and Chen, Oscar and Sanner, Scott and McIlraith, Sheila A.},
title={Decision-Making with Non-Markovian Rewards: From LTL to automata-based reward shaping},
year={2017},
url={http://www.cs.toronto.edu/~sheila/publications/cam-etal-rldm17.pdf} 
}  

@article{Thiebaux06,
author = {Thiebaux, Sylvie and Gretton, Charles and Slaney, John and Price, David and Kabanza, Froduald},
year = {2006},
month = {01},
pages = {17-74},
title = {Decision-Theoretic Planning with non-Markovian Rewards},
volume = {25},
journal = {J. Artif. Intell. Res. (JAIR)},
doi = {10.1613/jair.1676}
}

@article{Brafman_DeGiacomo_Patrizi_2018, 
	title={LTLf/LDLf Non-Markovian Rewards}, 
	volume={32}, 
	url={https://ojs.aaai.org/index.php/AAAI/article/view/11572}, 
	number={1}, 
	journal={Proceedings of the AAAI Conference on Artificial Intelligence}, 
	author={Brafman, Ronen and De Giacomo, Giuseppe and Patrizi, Fabio}, 
	year={2018}, 
	month={Apr.}
}